<record xmlns="http://www.loc.gov/MARC21/slim" xmlns:xsi="http://www.w3.org/2001/XMLSchema-instance" xsi:schemaLocation="http://www.loc.gov/MARC21/slim http://www.loc.gov/standards/marcxml/schema/MARC21slim.xsd"><leader>02623nam a2200469   4500</leader><controlfield tag="001">3178950</controlfield><controlfield tag="003">NNC</controlfield><controlfield tag="006">m        d        </controlfield><controlfield tag="007">cr cn |||m|||a</controlfield><controlfield tag="008">150110s1882    tu      o     000 0 araod</controlfield><datafield ind1=" " ind2=" " tag="040"><subfield code="a">NNU</subfield><subfield code="b">eng</subfield><subfield code="e">rda</subfield><subfield code="c">NNU</subfield></datafield><datafield ind1=" " ind2=" " tag="090"><subfield code="a">PJ6151</subfield><subfield code="b">.H3 1882</subfield></datafield><datafield ind1="0" ind2=" " tag="100"><subfield code="6">880-01</subfield><subfield code="a">H&#803;ari&#772;ri&#772;,</subfield><subfield code="d">1054-1122.</subfield></datafield><datafield ind1="1" ind2="0" tag="240"><subfield code="6">880-02</subfield><subfield code="a">Durrat al-ghawwa&#772;s&#803; fi&#772; awha&#772;m al-khawwa&#772;s&#803;</subfield></datafield><datafield ind1="1" ind2="0" tag="245"><subfield code="6">880-03</subfield><subfield code="a">Kita&#772;b durrat al-ghawwa&#772;s&#803; fi&#772; awha&#772;m al-khawwa&#772;s&#803; /</subfield><subfield code="c">Abu&#772; Muh&#803;ammad al-Qa&#772;sim ibn &#699;Ali&#772; al-H&#803;ari&#772;ri&#772;. Wa-fi&#772; a&#772;khirih al-Sharh&#803; / Ah&#803;mad Shiha&#772;b al-Di&#772;n al-Khafa&#772;ji&#772;.</subfield></datafield><datafield ind1=" " ind2=" " tag="250"><subfield code="6">880-04</subfield><subfield code="a">al-T&#803;ab&#699;ah 1.</subfield></datafield><datafield ind1=" " ind2=" " tag="260"><subfield code="6">880-05</subfield><subfield code="a">Qust&#803;ant&#803;i&#772;ni&#772;yah :</subfield><subfield code="b">Mat&#803;ba&#699;at al-Jawa&#772;&#700;ib,</subfield><subfield code="c">1299 [1882]</subfield></datafield><datafield ind1=" " ind2=" " tag="300"><subfield code="a">online resource (143, 265 pages)</subfield></datafield><datafield ind1=" " ind2=" " tag="336"><subfield code="a">text</subfield><subfield code="2">rdacontent</subfield></datafield><datafield ind1=" " ind2=" " tag="337"><subfield code="a">computer</subfield><subfield code="2">rdamedia</subfield></datafield><datafield ind1=" " ind2=" " tag="338"><subfield code="a">online resource</subfield><subfield code="2">rdacarrier</subfield></datafield><datafield ind1=" " ind2=" " tag="500"><subfield code="a">Part of the Arabic Collections Online (ACO) project, contributed by Columbia University Libraries.</subfield></datafield><datafield ind1=" " ind2=" " tag="533"><subfield code="a">Electronic reproduction.</subfield><subfield code="b">New York, N.Y. :</subfield><subfield code="c">New York University,</subfield><subfield code="d">2015.</subfield><subfield code="5">NNU</subfield></datafield><datafield ind1=" " ind2="0" tag="650"><subfield code="a">Arabic language</subfield><subfield code="x">Idioms.</subfield></datafield><datafield ind1=" " ind2="0" tag="650"><subfield code="a">Arabic language</subfield><subfield code="x">Syntax.</subfield></datafield><datafield ind1=" " ind2="7" tag="650"><subfield code="a">Arabic language</subfield><subfield code="x">Idioms.</subfield><subfield code="2">fast</subfield><subfield code="0">(OCoLC)fst00812358</subfield></datafield><datafield ind1=" " ind2="7" tag="650"><subfield code="a">Arabic language</subfield><subfield code="x">Syntax.</subfield><subfield code="2">fast</subfield><subfield code="0">(OCoLC)fst00812441</subfield></datafield><datafield ind1="1" ind2="2" tag="700"><subfield code="6">880-06</subfield><subfield code="a">Khafa&#772;ji&#772;, Ah&#803;mad ibn Muh&#803;ammad,</subfield><subfield code="d">1571 or 1572-1659.</subfield><subfield code="t">Sharh&#803; Durrat al-ghawwa&#772;s&#803; fi&#772; awha&#772;m al-khawwa&#772;s&#803;.</subfield></datafield><datafield ind1="2" ind2=" " tag="710"><subfield code="6">880-07</subfield><subfield code="a">Mat&#803;ba&#699;at al-Jawa&#772;&#700;ib.</subfield></datafield><datafield ind1="2" ind2=" " tag="710"><subfield code="a">Columbia University.</subfield><subfield code="b">Libraries.</subfield></datafield><datafield ind1="0" ind2=" " tag="730"><subfield code="a">Arabic Collections Online.</subfield></datafield><datafield ind1="0" ind2="8" tag="776"><subfield code="i">Print version:</subfield><subfield code="a">H&#803;ari&#772;ri&#772;, 1054-1122.</subfield><subfield code="t">Kita&#772;b durrat al-ghawwa&#772;s&#803; fi&#772; awha&#772;m al-khawwa&#772;s&#803;</subfield><subfield code="w">(NNC)3178950</subfield><subfield code="w">(OCoLC)11541339</subfield></datafield><datafield ind1="4" ind2="0" tag="856"><subfield code="u">http://hdl.handle.net/2333.1/59zw3swt</subfield></datafield><datafield ind1="1" ind2=" " tag="880"><subfield code="6">100-01/r</subfield><subfield code="a">&#8207;&#1581;&#1585;&#1610;&#1585;&#1610;&#1548;&#8207;,</subfield><subfield code="d">&#8207;1054-1122.</subfield></datafield><datafield ind1="1" ind2="0" tag="880"><subfield code="6">240-02/r</subfield><subfield code="a">&#8207;&#1583;&#1585;&#1577; &#1575;&#1604;&#1594;&#1608;&#1575;&#1589; &#1601;&#1609; &#1571;&#1608;&#1607;&#1575;&#1605; &#1575;&#1604;&#1582;&#1608;&#1575;&#1589;.&#8207;</subfield></datafield><datafield ind1="1" ind2="0" tag="880"><subfield code="6">245-03/r</subfield><subfield code="a">&#8207;&#1603;&#1578;&#1575;&#1576; &#1583;&#1585;&#1577; &#1575;&#1604;&#1594;&#1608;&#1575;&#1589; &#1601;&#1609; &#1571;&#1608;&#1607;&#1575;&#1605; &#1575;&#1604;&#1582;&#1608;&#1575;&#1589; /&#8207;</subfield><subfield code="c">&#8207;&#1604;&#1571;&#1576;&#1610; &#1605;&#1581;&#1605;&#1583; &#1575;&#1604;&#1602;&#1575;&#1587;&#1605; &#1576;&#1606; &#1593;&#1604;&#1610; &#1575;&#1604;&#1581;&#1585;&#1610;&#1585;&#1610;. &#1608;&#1601;&#1609; &#1570;&#1582;&#1585;&#1607; &#1575;&#1604;&#1588;&#1585;&#1581; / &#1604;&#1571;&#1581;&#1605;&#1583; &#1588;&#1607;&#1575;&#1576; &#1575;&#1604;&#1583;&#1610;&#1606; &#1575;&#1604;&#1582;&#1601;&#1575;&#1580;&#1610;.</subfield></datafield><datafield ind1=" " ind2=" " tag="880"><subfield code="6">250-04/r</subfield><subfield code="a">&#8207;&#1575;&#1604;&#1591;&#1576;&#1593;&#1577; 1.</subfield></datafield><datafield ind1=" " ind2=" " tag="880"><subfield code="6">260-05/r</subfield><subfield code="a">&#8207;&#1602;&#1587;&#1591;&#1606;&#1591;&#1610;&#1606;&#1610;&#1577; :&#8207;</subfield><subfield code="b">&#8207;&#1605;&#1591;&#1576;&#1593;&#1577; &#1575;&#1604;&#1580;&#1608;&#1575;&#1574;&#1576;&#1548;&#8207;</subfield><subfield code="c">&#8207;1299 [1882]</subfield></datafield><datafield ind1="1" ind2="2" tag="880"><subfield code="6">700-06/r</subfield><subfield code="a">&#8207;&#1582;&#1601;&#1575;&#1580;&#1610;&#1548; &#1571;&#1581;&#1605;&#1583; &#1576;&#1606; &#1605;&#1581;&#1605;&#1583;&#1548;&#8207;&#8207;,</subfield><subfield code="d">&#8207;1571 &#1571;&#1608; 2-1659.&#8207;.</subfield><subfield code="t">&#8207;&#1588;&#1585;&#1581; &#1583;&#1585;&#1577; &#1575;&#1604;&#1594;&#1608;&#1575;&#1589; &#1601;&#1609; &#1571;&#1608;&#1607;&#1575;&#1605; &#1575;&#1604;&#1582;&#1608;&#1575;&#1589;.</subfield></datafield><datafield ind1="2" ind2=" " tag="880"><subfield code="6">710-07/r</subfield><subfield code="a">&#1605;&#1591;&#1576;&#1593;&#1577; &#1575;&#1604;&#1580;&#1608;&#1575;&#1574;&#1576;.</subfield></datafield><datafield ind1=" " ind2=" " tag="959"><subfield code="a">NNU</subfield><subfield code="b">WEB</subfield><subfield code="c">GENI</subfield><subfield code="t">0</subfield><subfield code="m">Electronic access</subfield><subfield code="s">01</subfield></datafield><datafield ind1=" " ind2=" " tag="999"><subfield code="i">NNC_3178950</subfield><subfield code="o">(OCoLC)11541339</subfield><subfield code="e">OK</subfield></datafield></record>